@inproceedings{alegria2015tweetmt,
  author    = {Alegria, I\~{n}aki and Artetxe, Mikel and Labaka, Gorka and Sarasola, Kepa},
  title     = {EHU at TweetMT: Adapting MT engines for formal tweets},
  booktitle = {Proceedings of the Tweet Translation Workshop (TweetMT 2015)},
  month     = {September},
  year      = {2015},
  pages     = {20--24}
}
