@inproceedings{artetxe2015ssst,
  author    = {Artetxe, Mikel  and  Agirre, Eneko  and  Alegria, I\~{n}aki  and  Labaka, Gorka},
  title     = {Analyzing English-Spanish Named-Entity enhanced Machine Translation},
  booktitle = {Proceedings of the Ninth Workshop on Syntax, Semantics and Structure in Statistical Translation},
  month     = {June},
  year      = {2015},
  address   = {Denver, Colorado, USA},
  publisher = {Association for Computational Linguistics},
  pages     = {52--54},
  url       = {http://www.aclweb.org/anthology/W15-1007}
}
