@inproceedings{artetxe2015eamt,
  author    = {Mikel Artetxe and Gorka Labaka and Kepa Sarasola},
  title     = {Building hybrid machine translation systems by using an EBMT preprocessor to create partial translations},
  booktitle = {Proceedings of the 18th Annual Conference of the European Association for Machine Translation},
  month     = {May},
  year      = {2015},
  address   = {Antalya, Turkey},
  pages     = {11--18},
  url       = {http://aclweb.org/anthology/W15-4902}
}
