@article{agirre2015sepln,
  author    = {Agirre, Eneko and Alegria, I{\~n}aki and Aranberri, Nora and Artetxe, Mikel and Barrena, Ander and Branco, Ant{\'o}nio and D{\'\i}az de Ilarraza, Arantza and Gojenola, Koldo and Labaka, Gorka and Otegi, Arantxa and Sarasola, Kepa},
  title     = {Lexical semantics, Basque and Spanish in QTLeap: Quality Translation by Deep Language Engineering Approaches},
  journal   = {Procesamiento del Lenguaje Natural},
  volume    = {55},
  month     = {September},
  year      = {2015},
  publisher = {Sociedad Espa{\~n}ola para el Procesamiento del Lenguaje Natural},
  pages     = {169--172}
}
