@inproceedings{artetxe2016dmtw,
  author    = {Mikel Artetxe and Gorka Labaka and Chakaveh Saedi and Jo{\{{\textasciitilde{}}}{a}}o Rodrigues and Jo{\{{\textasciitilde{}}}{a}}o Silva and Ant{\'{o}}nio Branco and Eneko Agirre},
  title     = {Adding syntactic structure to bilingual terminology for improved domain adaptation},
  booktitle = {Proceedings of the 2nd Deep Machine Translation Workshop},
  month     = {October},
  year      = {2016},
  address   = {Praha, Czechia},
  publisher = {{\'{U}}{FAL} {MFF} {UK}},
  pages     = {39--46},
  isbn      = {978-80-88132-02-8},
  url       = {http://www.aclweb.org/anthology/W16-6405}
}
