@inproceedings{artetxe2016emnlp,
  author    = {Artetxe, Mikel  and  Labaka, Gorka  and  Agirre, Eneko},
  title     = {Learning principled bilingual mappings of word embeddings while preserving monolingual invariance},
  booktitle = {Proceedings of the 2016 Conference on Empirical Methods in Natural Language Processing},
  month     = {November},
  year      = {2016},
  address   = {Austin, Texas},
  publisher = {Association for Computational Linguistics},
  pages     = {2289--2294},
  url       = {https://aclweb.org/anthology/D16-1250}
}
