@inproceedings{artetxe2017acl,
  author    = {Artetxe, Mikel  and  Labaka, Gorka  and  Agirre, Eneko},
  title     = {Learning bilingual word embeddings with (almost) no bilingual data},
  booktitle = {Proceedings of the 55th Annual Meeting of the Association for Computational Linguistics (Volume 1: Long Papers)},
  month     = {July},
  year      = {2017},
  address   = {Vancouver, Canada},
  publisher = {Association for Computational Linguistics},
  pages     = {451--462},
  url       = {http://aclweb.org/anthology/P17-1042}
}
