@inproceedings{artetxe2018aaai,
  author    = {Artetxe, Mikel  and  Labaka, Gorka  and  Agirre, Eneko},
  title     = {Generalizing and improving bilingual word embedding mappings with a multi-step framework of linear transformations},
  booktitle = {Proceedings of the Thirty-Second AAAI Conference on Artificial Intelligence},
  month     = {February},
  year      = {2018},
  pages     = {5012--5019},
  url       = {https://www.aaai.org/ocs/index.php/AAAI/AAAI18/paper/view/16935}
}
