@inproceedings{artetxe2018acl,
  author    = {Artetxe, Mikel  and  Labaka, Gorka  and  Agirre, Eneko},
  title     = {A robust self-learning method for fully unsupervised cross-lingual mappings of word embeddings},
  booktitle = {Proceedings of the 56th Annual Meeting of the Association for Computational Linguistics (Volume 1: Long Papers)},
  month     = {July},
  year      = {2018},
  address   = {Melbourne, Australia},
  publisher = {Association for Computational Linguistics},
  pages     = {789--798},
  url       = {http://aclweb.org/anthology/P18-1073}
}
