@inproceedings{artetxe2018iclr,
  author    = {Artetxe, Mikel  and  Labaka, Gorka  and  Agirre, Eneko  and  Cho, Kyunghyun},
  title     = {Unsupervised neural machine translation},
  booktitle = {Proceedings of the Sixth International Conference on Learning Representations},
  month     = {April},
  year      = {2018}
}
