@inproceedings{artetxe2018emnlp,
  author    = {Artetxe, Mikel  and  Labaka, Gorka  and  Agirre, Eneko},
  title     = {Unsupervised Statistical Machine Translation},
  booktitle = {Proceedings of the 2018 Conference on Empirical Methods in Natural Language Processing},
  month     = {November},
  year      = {2018},
  address   = {Brussels, Belgium},
  publisher = {Association for Computational Linguistics}
}
